@book{曾谨言2013量子力学,
  title={量子力学: 卷 I.},
  author={曾谨言},
  year={2013},
  publisher={科学出版社},
  address={北京}
}

@book{feynman2011feynman,
  title={The Feynman lectures on physics, Vol. I: The new millennium edition: mainly mechanics, radiation, and heat},
  author={Feynman, Richard P and Leighton, Robert B and Sands, Matthew},
  volume={1},
  year={2011},
  publisher={Basic books}
}